@book{baier2008principles,
  title={Principles of model checking},
  author={Baier, Christel and Katoen, Joost-Pieter},
  year={2008},
  publisher={MIT press}
}

@misc{serejke,
  title={spin-ltl-verifier},
  author={Sergey Patrikeev},
  howpublished={\url{https://github.com/serejke/spin-ltl-verifier}},
  note={Accessed: 2019-09-2}
}

@misc{jpsember,
  title={mcheck},
  author={Jeff Sember},
  howpublished={\url{https://github.com/jpsember/mcheck}},
  note={Accessed: 2019-09-2}
}

@article{kan2016partial,
  title={Partial order reduction for checking LTL formulae with the next-time operator},
  author={Kan, Shuanglong and Huang, Zhiqiu and Chen, Zhe and Li, Weiwei and Huang, Yutao},
  journal={Journal of Logic and Computation},
  volume={27},
  number={4},
  pages={1095--1131},
  year={2016},
  publisher={Oxford University Press}
}

@inproceedings{fritz2002state,
  title={State space reductions for alternating b{\"u}chi automata quotienting by simulation equivalences},
  author={Fritz, Carsten and Wilke, Thomas},
  booktitle={International Conference on Foundations of Software Technology and Theoretical Computer Science},
  pages={157--168},
  year={2002},
  organization={Springer}
}

@incollection{hopcroft1971n,
  title={An n log n algorithm for minimizing states in a finite automaton},
  author={Hopcroft, John},
  booktitle={Theory of machines and computations},
  pages={189--196},
  year={1971},
  publisher={Elsevier}
}

@misc{spin,
  title={{Spin} Model Checking Tool},
  author={Gerard J. Holzmann},
  howpublished={\url{https://spinroot.com/spin/whatispin.html}},
  note={Accessed: 2019-12-03}
}

@misc{uppaal,
  title={{UPPAAL} Verification for real-time systems},
  author={Uppsala University and Aalborg University},
  howpublished={\url{http://www.uppaal.org/}},
  note={Accessed: 2019-12-03}
}

@misc{nusmv,
  title={{NuSMV}: a new symbolic model checker},
  author={FBK-irst (Trento, Italy), CMU (Pittsburgh, PA), The University of Genova (Italy), The University of Trento (Italy)},
  howpublished={\url{http://nusmv.fbk.eu/}},
  note={Accessed: 2019-12-10}
}

@article{church1936note,
  title={A note on the Entscheidungsproblem},
  author={Church, Alonzo},
  journal={The journal of symbolic logic},
  volume={1},
  number={1},
  pages={40--41},
  year={1936},
  publisher={Cambridge University Press}
}

@inproceedings{de2008antichains,
  title={Antichains: Alternative algorithms for LTL satisfiability and model-checking},
  author={De Wulf, Martin and Doyen, Laurent and Maquet, Nicolas and Raskin, J-F},
  booktitle={International Conference on Tools and Algorithms for the Construction and Analysis of Systems},
  pages={63--77},
  year={2008},
  organization={Springer}
}

@inproceedings{pnueli1977temporal,
  title={The temporal logic of programs},
  author={Pnueli, Amir},
  booktitle={18th Annual Symposium on Foundations of Computer Science (sfcs 1977)},
  pages={46--57},
  year={1977},
  organization={IEEE}
}

@inproceedings{hellings2013walk,
  title={Walk logic as a framework for path query languages on graph databases},
  author={Hellings, Jelle and Kuijpers, Bart and Van den Bussche, Jan and Zhang, Xiaowang},
  booktitle={Proceedings of the 16th International Conference on Database Theory},
  pages={117--128},
  year={2013},
  organization={ACM}
}

@inproceedings{somenzi2000efficient,
  title={Efficient B{\"u}chi automata from LTL formulae},
  author={Somenzi, Fabio and Bloem, Roderick},
  booktitle={International Conference on Computer Aided Verification},
  pages={248--263},
  year={2000},
  organization={Springer}
}

@inproceedings{gerth1995simple,
  title={Simple on-the-fly automatic verification of linear temporal logic},
  author={Gerth, Rob and Peled, Doron and Vardi, Moshe Y and Wolper, Pierre},
  booktitle={International Conference on Protocol Specification, Testing and Verification},
  pages={3--18},
  year={1995},
  organization={Springer}
}

@inproceedings{daniele1999improved,
  title={Improved automata generation for linear temporal logic},
  author={Daniele, Marco and Giunchiglia, Fausto and Vardi, Moshe Y},
  booktitle={International Conference on Computer Aided Verification},
  pages={249--260},
  year={1999},
  organization={Springer}
}