@book{baier2008principles,
  title={Principles of model checking},
  author={Baier, Christel and Katoen, Joost-Pieter},
  year={2008},
  publisher={MIT press}
}